@inproceedings{Yang2019,

title={DEMC: A Deep Dual-Encoder Network for Denoising Monte Carlo Rendering},

author={Yang, Xin and Wenbo, Hu and Dawei, Wang and Lijing, Zhao and Baocai, Yin and Qiang, Zhang and Xiaopeng, Wei and Hongbo, Fu},

booktitle={CVM},

year={2019}

}
