@article{yang2018fast,
  title={Fast Reconstruction for Monte Carlo Rendering Using Deep Convolutional Networks},
  author={Yang, Xin and Wang, Dawei and Hu, Wenbo and Zhao, Lijing and Piao, Xinglin and Zhou, Dongsheng and Zhang, Qiang and Yin, Baocai and Cai, Qiang and Wei, Xiaopeng},
  journal={IEEE Access},
  volume={7},
  pages={21177--21187},
  year={2018},
  publisher={IEEE}
}
